
@artwork{hamilton_portrait,
	title = {Painting of Sir William Rowan Hamilton.},
	rights = {Public Domain},
	url = {https://commons.wikimedia.org/wiki/File:William_Rowan_Hamilton_painting.jpg},
	author = {{Unknown Artist}},
	urldate = {2020-07-03},
	file = {Wikimedia Snapshot:/home/leon/Zotero/storage/3ZA945U7/FileWilliam_Rowan_Hamilton_painting.html:text/html}
}


@artwork{komplexe_multiplikation,
	title = {Multiplication of complex numbers},
	url = {https://commons.wikimedia.org/wiki/File:Komplexe_multiplikation.svg},
	author = {{Kmhkmh}},
	urldate = {2020-07-03},
	date = {2016-12-29},
	file = {Wikimedia Snapshot:/home/leon/Zotero/storage/D7VR2G8Q/FileKomplexe_multiplikation.html:text/html}
}

@artwork{broome_bridge,
	title = {William Rowan Hamilton Plaque Plaque on Broome Bridge on the Royal Canal commemorating William Rowan Hamilton's discovery. The plaque reads:},
	url = {https://commons.wikimedia.org/wiki/File:William_Rowan_Hamilton_Plaque_-_geograph.org.uk_-_347941.jpg},
	shorttitle = {English},
	author = {{JP}},
	urldate = {2020-07-03},
	date = {2007-02-25},
	file = {Wikimedia Snapshot:/home/leon/Zotero/storage/AV5UXR2X/FileWilliam_Rowan_Hamilton_Plaque_-_geograph.org.uk_-_347941.html:text/html}
}
